@inproceedings{Uludag2009,
  author = {Uludag, Suleyman and Uludag, Ziyneti E. and Nahrstedt, Klara and Lui, King-Shan and Baker, Fred},
  title = {A laplace transform-based method to stochastic path finding},
  booktitle = {Proceedings of the 2009 IEEE international conference on Communications},
  series = {ICC'09},
  year = {2009},
  isbn = {978-1-4244-3434-3},
  location = {Dresden, Germany},
  pages = {1319--1323},
  numpages = {5},
  url = {http://portal.acm.org/citation.cfm?id=1817271.1817516},
  acmid = {1817516},
  publisher = {IEEE Press},
  address = {Piscataway, NJ, USA}
}

@inproceedings{Sachenbacher2011,
  author = {Sachenbacher, Martin and Leucker, Martin and Artmeier, Andreas and Haselmayr, Julian},
  title = {{Efficient Energy-Optimal Routing for Electric Vehicles}},
  booktitle = {AAAI Conference on Artificial Intelligence, Special Track on Computational Sustainability},
  year = {2011},
  publisher = {AAAI},
  note = {to appear}
}

@article {Polychronopoulos1996,
  author = {Polychronopoulos, George H. and Tsitsiklis, John N.},
  title = {{Stochastic shortest path problems with recourse}},
  journal = {Networks},
  volume = {27},
  number = {2},
  publisher = {Wiley Subscription Services, Inc., A Wiley Company},
  issn = {1097-0037},
  url = {http://dx.doi.org/10.1002/(SICI)1097-0037(199603)27:2<133::AID-NET5>3.0.CO;2-L},
  doi = {10.1002/(SICI)1097-0037(199603)27:2<133::AID-NET5>3.0.CO;2-L},
  pages = {pp.\ 133--143},
  year = {1996}
}

@inproceedings{Kono2008,
  author = {Kono, Toshiaki and Fushiki, Takumi and Asada Katsuya and Nakano, Kenjiro},
  title = {{Fuel Consumption Analysis and Prediction Model for "Eco" Route Search}},
  year = {2008},
  booktitle = {ITS Connections: Saving Time. Saving Lives},
  series = {15th World Congress on Intelligent Transport Systems and ITS America's 2008 Annual Meeting}
}

@mastersthesis{Neubauer2010,
  author = {Neubauer, Sabine},
  title = {{Planung energieeffizienter Routen in Straßennetzwerken}},
  school = {Karlsruhe Institute of Technology},
  type = {Diploma Thesis},
  year = {2010}
}

@mastersthesis{Pajor2009,
  author = {Pajor, Thomas},
  title = {{Multi-Modal Route Planning}},
  school = {Karlsruhe Institute of Technology},
  type = {Diploma Thesis},
  year = {2009}
}

@mastersthesis{Schoenfelder2011,
  author = {Schönfelder, Ren\'e},
  title = {{Stochastic Models and Acceleration Techniques for Green Routing in Car Navigation Systems}},
  school = {University of Lübeck},
  year = {2011}
}

@article{Guerin1999,
 author = {Gu\'{e}rin, Roche A. and Orda, Ariel},
 title = {Qo{S} routing in networks with inaccurate information: theory and algorithms},
 journal = {IEEE/ACM Trans. Netw.},
 volume = {7},
 issue = {3},
 month = {June},
 year = {1999},
 issn = {1063-6692},
 pages = {pp.\ 350--364},
 numpages = {15},
 url = {http://dx.doi.org/10.1109/90.779203},
 doi = {http://dx.doi.org/10.1109/90.779203},
 acmid = {312247},
 publisher = {IEEE Press},
 address = {Piscataway, NJ, USA},
 keywords = {Bandwidth, QoS, delay, inaccuracy, networks, routing},
}

@phdthesis{Schultes2008,
  author = {Schultes, Dominik},
  title = {{Route Planning in Road Networks}},
  school = {Karlsruhe Institute of Technology},
  year = {2008}
}

@mastersthesis{Geisberger2008,
  author = {Geisberger, Robert},
  title = {{Contraction Hierarchies: Faster and Simpler Hierarchical Routing in Road Networks}},
  school = {Karlsruhe Institute of Technology},
  type = {Diploma Thesis},
  year = {2008}
}

@phdthesis{Kluge2010,
  author = {Kluge, Sebastian},
  title = {On the computation of fuel-optimal paths in time-dependent networks},
  year = {2010},
  school = {{T}echnische {U}niversität {M}ünchen}
}

@inproceedings{Delling2009,
  author = {Delling, Daniel and Wagner, Dorothea},
  title = {{Time-Dependent Route Planning}},
  booktitle = {Robust and Online Large-Scale Optimization, LNCS},
  year = {2009},
  publisher = {Springer}
}

@inproceedings{Eisner2011,
  author = {Eisner, Jochen and Funke, Stefan and Storandt, Sabine},
  title = {{Optimal Route Planning for Electric Vehicles in Large Networks}},
  booktitle = {AAAI},
  year = {2011}
}

@inproceedings{Bast2007,
  author = {Bast, Holger and Funke, Stefan and Matijevic, Domagoj and Sanders, Peter and Schultes, Dominik},
  title = {{In Transit to Constant Time Shortest-Path Queries in Road Networks}},
  year = {2007},
  publisher = {SIAM},
  booktitle = {{Proceedings of the Ninth Workshop on Algorithm Engineering and Experiments and the Fourth Workshop on Analytic Algorithmics and Combinatorics}},
  pages = {46--59}
}
